<record xmlns="http://www.loc.gov/MARC21/slim" xmlns:xsi="http://www.w3.org/2001/XMLSchema-instance" xsi:schemaLocation="http://www.loc.gov/MARC21/slim http://www.loc.gov/standards/marcxml/schema/MARC21slim.xsd"><leader>00037nz   2200037n  4500</leader><controlfield tag="001">DNB|102387559</controlfield><controlfield tag="003">DNB</controlfield><controlfield tag="005">20080405190748.0</controlfield><controlfield tag="008">930416n||aznnnabbn           | aaa    |c</controlfield><datafield ind1=" " ind2=" " tag="035"><subfield code="a">(DE-101)102387559</subfield></datafield><datafield ind1=" " ind2=" " tag="035"><subfield code="a">(DE-588a)102387559</subfield></datafield><datafield ind1=" " ind2=" " tag="040"><subfield code="a">DE-12</subfield><subfield code="b">ger</subfield><subfield code="c">DE-101</subfield><subfield code="e">rakwb</subfield><subfield code="d">9999</subfield></datafield><datafield ind1=" " ind2=" " tag="079"><subfield code="a">p</subfield><subfield code="q">f</subfield><subfield code="q">p</subfield><subfield code="t">12-PAN</subfield><subfield code="t">12-PMA:Suppl.</subfield></datafield><datafield ind1="1" ind2=" " tag="100"><subfield code="a">Felix, Flavius</subfield><subfield code="d">5. bzw. 5./6. Jh. n. Chr.</subfield></datafield><datafield ind1="0" ind2=" " tag="400"><subfield code="a">Flavius</subfield><subfield code="c">Felix</subfield><subfield code="d">5. bzw. 5./6. Jh. n. Chr.</subfield></datafield><datafield ind1="0" ind2=" " tag="400"><subfield code="a">Flavius Felix</subfield><subfield code="c">Poeta</subfield><subfield code="d">5. bzw. 5./6. Jh. n. Chr.</subfield></datafield><datafield ind1="0" ind2=" " tag="400"><subfield code="a">Felix</subfield><subfield code="c">Poète Africain</subfield><subfield code="d">5. bzw. 5./6. Jh. n. Chr.</subfield></datafield><datafield ind1="0" ind2=" " tag="400"><subfield code="a">Felix</subfield><subfield code="c">Poeta</subfield><subfield code="d">5. bzw. 5./6. Jh. n. Chr.</subfield></datafield><datafield ind1="0" ind2=" " tag="400"><subfield code="a">Flavius</subfield><subfield code="c">Carthaginiensis</subfield><subfield code="d">5. bzw. 5./6. Jh. n. Chr.</subfield></datafield><datafield ind1="0" ind2=" " tag="400"><subfield code="a">Felix Flavius</subfield><subfield code="c">Carthaginiensis</subfield><subfield code="d">5. bzw. 5./6. Jh. n. Chr.</subfield></datafield><datafield ind1="0" ind2=" " tag="400"><subfield code="a">Felix</subfield><subfield code="c">Flavius</subfield><subfield code="d">5. bzw. 5./6. Jh. n. Chr.</subfield></datafield><datafield ind1=" " ind2=" " tag="549"><subfield code="w">i</subfield><subfield code="i">Lebensdaten</subfield><subfield code="a">5. bzw. 5./6. Jh. n. Chr.</subfield></datafield><datafield ind1=" " ind2=" " tag="678"><subfield code="a">Cpl 1463 u. 1517</subfield></datafield><datafield ind1=" " ind2=" " tag="996"><subfield code="2">LC|nr 98032168</subfield></datafield><datafield ind1=" " ind2=" " tag="996"><subfield code="2">PTBNP|41919</subfield></datafield><datafield ind1=" " ind2=" " tag="996"><subfield code="2">BNE|XX1417578</subfield></datafield><datafield ind1=" " ind2=" " tag="996"><subfield code="2">LC|no2006123045</subfield></datafield><datafield ind1=" " ind2=" " tag="996"><subfield code="2">LC|nb2005015965</subfield></datafield><datafield ind1=" " ind2=" " tag="996"><subfield code="2">BNE|XX895311</subfield></datafield><datafield ind1=" " ind2=" " tag="996"><subfield code="2">LC|nr2004022736</subfield></datafield><datafield ind1=" " ind2=" " tag="996"><subfield code="2">LC|nr 00023840</subfield></datafield><datafield ind1=" " ind2=" " tag="996"><subfield code="2">PICA|080400043</subfield></datafield><datafield ind1=" " ind2=" " tag="996"><subfield code="2">NKC|skuk0002415</subfield></datafield><datafield ind1=" " ind2=" " tag="996"><subfield code="2">WKP|wp Flavius_Arcadius_Placidus_Magnus_Felix</subfield></datafield><datafield ind1=" " ind2=" " tag="996"><subfield code="2">BAV|ADV10168198</subfield></datafield><datafield ind1=" " ind2=" " tag="996"><subfield code="2">PTBNP|1213589</subfield></datafield><datafield ind1=" " ind2=" " tag="996"><subfield code="2">LC|nb2007022164</subfield></datafield><datafield ind1=" " ind2=" " tag="996"><subfield code="2">NKC|xx0025801</subfield></datafield><datafield ind1=" " ind2=" " tag="996"><subfield code="2">BNE|XX1400099</subfield></datafield><datafield ind1=" " ind2=" " tag="996"><subfield code="2">WKP|wp Flavius_Felix</subfield></datafield><datafield ind1=" " ind2=" " tag="996"><subfield code="2">LC|n  78069473</subfield></datafield><datafield ind1=" " ind2=" " tag="996"><subfield code="2">LC|nb2006014489</subfield></datafield><datafield ind1=" " ind2=" " tag="996"><subfield code="2">PTBNP|70607</subfield></datafield><datafield ind1=" " ind2=" " tag="997"><subfield code="a">400 500 flourished</subfield><subfield code="9">1</subfield></datafield><datafield ind1="1" ind2=" " tag="100"><subfield code="a">Felix, Flavius</subfield><subfield code="d">5. bzw. 5./6. Jh. n. Chr.</subfield></datafield><datafield ind1="0" ind2=" " tag="400"><subfield code="a">Flavius</subfield><subfield code="c">Felix</subfield><subfield code="d">5. bzw. 5./6. Jh. n. Chr.</subfield></datafield><datafield ind1="0" ind2=" " tag="400"><subfield code="a">Flavius Felix</subfield><subfield code="c">Poeta</subfield><subfield code="d">5. bzw. 5./6. Jh. n. Chr.</subfield></datafield><datafield ind1="0" ind2=" " tag="400"><subfield code="a">Felix</subfield><subfield code="c">Poète Africain</subfield><subfield code="d">5. bzw. 5./6. Jh. n. Chr.</subfield></datafield><datafield ind1="0" ind2=" " tag="400"><subfield code="a">Felix</subfield><subfield code="c">Poeta</subfield><subfield code="d">5. bzw. 5./6. Jh. n. Chr.</subfield></datafield><datafield ind1="0" ind2=" " tag="400"><subfield code="a">Flavius</subfield><subfield code="c">Carthaginiensis</subfield><subfield code="d">5. bzw. 5./6. Jh. n. Chr.</subfield></datafield><datafield ind1="0" ind2=" " tag="400"><subfield code="a">Felix Flavius</subfield><subfield code="c">Carthaginiensis</subfield><subfield code="d">5. bzw. 5./6. Jh. n. Chr.</subfield></datafield><datafield ind1="0" ind2=" " tag="400"><subfield code="a">Felix</subfield><subfield code="c">Flavius</subfield><subfield code="d">5. bzw. 5./6. Jh. n. Chr.</subfield></datafield><datafield ind1=" " ind2=" " tag="549"><subfield code="w">i</subfield><subfield code="i">Lebensdaten</subfield><subfield code="a">5. bzw. 5./6. Jh. n. Chr.</subfield></datafield><datafield ind1=" " ind2=" " tag="678"><subfield code="a">Cpl 1463 u. 1517</subfield></datafield><datafield ind1=" " ind2=" " tag="996"><subfield code="2">LC|nr 98032168</subfield></datafield><datafield ind1=" " ind2=" " tag="996"><subfield code="2">PTBNP|41919</subfield></datafield><datafield ind1=" " ind2=" " tag="996"><subfield code="2">BNE|XX1417578</subfield></datafield><datafield ind1=" " ind2=" " tag="996"><subfield code="2">LC|no2006123045</subfield></datafield><datafield ind1=" " ind2=" " tag="996"><subfield code="2">LC|nb2005015965</subfield></datafield><datafield ind1=" " ind2=" " tag="996"><subfield code="2">BNE|XX895311</subfield></datafield><datafield ind1=" " ind2=" " tag="996"><subfield code="2">LC|nr2004022736</subfield></datafield><datafield ind1=" " ind2=" " tag="996"><subfield code="2">LC|nr 00023840</subfield></datafield><datafield ind1=" " ind2=" " tag="996"><subfield code="2">PICA|080400043</subfield></datafield><datafield ind1=" " ind2=" " tag="996"><subfield code="2">NKC|skuk0002415</subfield></datafield><datafield ind1=" " ind2=" " tag="996"><subfield code="2">WKP|wp Flavius_Arcadius_Placidus_Magnus_Felix</subfield></datafield><datafield ind1=" " ind2=" " tag="996"><subfield code="2">BAV|ADV10168198</subfield></datafield><datafield ind1=" " ind2=" " tag="996"><subfield code="2">PTBNP|1213589</subfield></datafield><datafield ind1=" " ind2=" " tag="996"><subfield code="2">LC|nb2007022164</subfield></datafield><datafield ind1=" " ind2=" " tag="996"><subfield code="2">NKC|xx0025801</subfield></datafield><datafield ind1=" " ind2=" " tag="996"><subfield code="2">BNE|XX1400099</subfield></datafield><datafield ind1=" " ind2=" " tag="996"><subfield code="2">WKP|wp Flavius_Felix</subfield></datafield><datafield ind1=" " ind2=" " tag="996"><subfield code="2">LC|n  78069473</subfield></datafield><datafield ind1=" " ind2=" " tag="996"><subfield code="2">LC|nb2006014489</subfield></datafield><datafield ind1=" " ind2=" " tag="996"><subfield code="2">PTBNP|70607</subfield></datafield><datafield ind1=" " ind2=" " tag="997"><subfield code="a">400 500 flourished</subfield><subfield code="9">1</subfield></datafield></record>